@misc{android-art,
  author={{Google}},
  title={{Introducing ART}},
  howpublished = {\url{https://source.android.com/devices/tech/dalvik/art.html}},
  year = {2014},
  note = {[Online; przeglądano 01-09-2014]}
}

@misc{android-building,
  author={{Google}},
  title={{Android - Downloading and building}},
  howpublished = {\url{https://source.android.com/source/building.html}},
  note = {[Online; przeglądano 14-12-2014]}
}
 
@misc{android-fridge,
  author={{Dean Takahashi}},
  title={{Samsung smart fridge: It runs Android apps like Evernote}},
  howpublished = {\url{http://venturebeat.com/2013/01/11/samsung-smart-fridge-it-runs-android-apps-like-evernote-video-demo/}},
  month = {Styczeń},
	year = {2013},
  note = {[Online; przeglądano 01-09-2014]}
}

@misc{android-history,
  author={{Ron Amadeo}},
  title={{The history of Android}},
  howpublished = {\url{http://arstechnica.com/gadgets/2014/06/building-android-a-40000-word-history-of-googles-mobile-os/}},
  year = {2014},
  note = {[Online; przeglądano 01-09-2014]}
}

@misc{android-java-7,
  author={{Tor Norbye}},
  title={{Android Studio 0.3.2 Released}},
  howpublished = {\url{http://tools.android.com/recent/androidstudio032released}},
  year = {2013},
	month = {Październik},
  note = {[Online; przeglądano 23-09-2014]}
}

@misc{android-l-ogolnie,
  author={{Mateusz Kasperski}},
  title={{Android L. Wszystko, co o nim wiemy}},
  howpublished = {\url{http://www.komputerswiat.pl/artykuly/redakcyjne/2014/07/android-l-wszystko-co-o-nim-wiemy.aspx}},
  year = {2014},
  note = {[Online; przeglądano 01-09-2014]}
}

@misc{android-l-preview,
  author={{Google}},
  title={{Android L Developer Preview}},
  howpublished = {\url{http://developer.android.com/preview/index.html}},
  year = {2014},
  note = {[Online; przeglądano 04-09-2014]}
}

@misc{android-ndk,
  author={{Google}},
  title={{Android NDK}},
  howpublished = {\url{https://developer.android.com/tools/sdk/ndk/index.html}},
  note = {[Online; przeglądano 04-09-2014]}
}

@misc{android-native-activity,
  author={{Google}},
  title={{NativeActivity reference}},
  howpublished = {\url{http://developer.android.com/reference/android/app/NativeActivity.html}},
  note = {[Online; przeglądano 04-09-2014]}
}

@misc{android-package,
  author={{Google}},
  title={{Android APIs}},
  howpublished = {\url{http://developer.android.com/reference/packages.html}},
  note = {[Online; przeglądano 04-09-2014]}
}

@misc{android-permissions,
  author={{Google}},
  title={{Android System Permissions}},
  howpublished = {\url{http://developer.android.com/guide/topics/security/permissions.html}},
  note = {[Online; przeglądano 04-09-2014]}
}

@misc{android-scala,
  author={{ze goggles}},
  title={{Building Android apps in Scala with sbt}},
  howpublished = {\url{http://zegoggl.es/2009/12/building-android-apps-in-scala-with-sbt.html}},
  year = {2009},
  note = {[Online; przeglądano 04-09-2014]}
}

@misc{android-sl4a,
  author={{Damon Kohler}},
  title={{Scripting Layer for Android (SL4A)}},
  howpublished = {\url{https://github.com/damonkohler/sl4a}},
  note = {[Online; przeglądano 05-09-2014]}
}

@misc{android-stack,
  author={{tutorialspoint}},
  title={{Android Architecture}},
  howpublished = {\url{http://www.tutorialspoint.com/android/android_architecture.htm}},
  year = {2014},
  note = {[Online; przeglądano 01-09-2014]}
}

@misc{android-rpc-thread,
  author={{Google Groups}},
  title={{Implement an XML-RPC server on Android}},
  howpublished = {\url{https://groups.google.com/forum/#!topic/android-developers/PKcQSWwnknc}},
  year = {2011},
  month = {Październik},
  note = {[Online; przeglądano 19-09-2014]}
}

@misc{ansible-yaml,
  author={{Ansible, Inc.}},
  title={{YAML Syntax}},
  howpublished = {\url{http://docs.ansible.com/YAMLSyntax.html}},
  year = {2014},
  note = {[Online; przeglądano 14-12-2014]}
}

@misc{axon-best,
  author={{Zaur Shibzukhov}},
  title={{AXON: The best of JSON, XML and YAML}},
  howpublished = {\url{http://intellimath.bitbucket.org/blog/posts/axon_best_of_json_xml_yaml.html}},
  year = {2014},
  note = {[Online; przeglądano 14-12-2014]}
}

@misc{axon-better-json,
  author={{Zaur Shibzukhov}},
  title={{AXON overcomes limitations of JSON}},
  howpublished = {\url{http://intellimath.bitbucket.org/blog/posts/axon_overcomes_json.html}},
  year = {2014},
  note = {[Online; przeglądano 14-12-2014]}
}

@misc{cil,
  author={{Rishikesh Singh}},
  title={{Understanding Common Intermediate Language (CIL)}},
  howpublished = {\url{http://www.codeproject.com/Articles/362076/Understanding-Common-Intermediate-Language-CIL}},
  year = {2013},
  month = {Marzec},
  day = {23},
  note = {[Online; przeglądano 14-09-2014]}
}

@misc{cloud-foundry-config,
  author={{Pivotal Software Inc.}},
  title={{Deploying with Application Manifests}},
  howpublished = {\url{http://docs.cloudfoundry.org/devguide/deploy-apps/manifest.html}},
  year = {2014},
  note = {[Online; przeglądano 14-12-2014]}
}

@misc{data-integrity,
  author={{Charles M. Kozierok}},
  title={{TCP Characteristics: How TCP Does What It Does}},
  howpublished = {\url{http://www.tcpipguide.com/free/t_TCPCharacteristicsHowTCPDoesWhatItDoes.htm}},
  year = {2005},
  note = {[Online; przeglądano 25-08-2014]}
}

@misc{data-signature,
  author={{Red Hat, Inc.}},
  title={{Introduction to Public Key Cryptography -- Digital Signatures}},
  howpublished = {\url{https://access.redhat.com/documentation/en-US/Red_Hat_Certificate_System/8.1/html/Deploy_and_Install_Guide/Introduction_to_Public_Key_Cryptography-Digital_Signatures.html}},
  year = {2014},
  note = {[Online; przeglądano 25-08-2014]}
}

@book{design-patterns,
  title = {{Head First Design Patterns}},
  author = {Freeman, Eric and Bates, Bert and Sierra, Kathy and Robson, Elisabeth},
  publisher = {O'Reilly Media, Inc.},
  isbn = {0596007124},
  year = {2004},
  month = {Październik},
  day = {25}
}

@misc{dos,
  author={{ACTIVE 24}},
  title={{Czym jest atak DDOS / Brute Force}},
  howpublished = {\url{https://www.active24.pl/main/main.php?id=824&t=Poradnik_-_ataki_DDOS_i_Brute_Force}},
  note = {[Online; przeglądano 25-08-2014]}
}

@misc{dot-net-overview,
  author={{Microsoft}},
  title={{Overview of the .NET Framework}},
  howpublished = {\url{http://msdn.microsoft.com/en-us/library/zw4w595w.aspx}},
  note = {[Online; przeglądano 09-09-2014]}
}

@misc{dot-net-requirements,
  author={{Microsoft}},
  title={{.NET Framework System Requirements}},
  howpublished = {\url{http://msdn.microsoft.com/en-us/library/8z6watww(v=vs.110).aspx}},
  year = {2014},
  note = {[Online; przeglądano 14-09-2014]}
}

@misc{jackson,
  author={{Cowtowncoder}},
  title={{Strona biblioteki Jackson w serwisie GitHub}},
  howpublished = {\url{https://github.com/FasterXML/jackson}},
	year = {2014},
  note = {[Online; przeglądano 14-12-2014]}
}

@misc{jackson-polymorphic,
  author={{Tatu Saloranta}},
  title={{Jackson 1.5: Polymorphic Type Handling, first steps}},
  howpublished = {\url{http://www.cowtowncoder.com/blog/archives/2010/03/entry_372.html}},
	year = {2010},
	month = {Marzec},
  note = {[Online; przeglądano 22-09-2014]}
}

@misc{java-8-features,
  author={{Oracle}},
  title={{What's New in JDK 8}},
  howpublished = {\url{http://www.oracle.com/technetwork/java/javase/8-whats-new-2157071.html}},
  note = {[Online; przeglądano 23-09-2014]}
}

@misc{jvm,
  author={{Margaret Rouse}},
  title={{Java virtual machine (JVM)}},
  howpublished = {\url{http://searchsoa.techtarget.com/definition/Java-virtual-machine}},
	year = {2006},
	month = {Wrzesień},
  note = {[Online; przeglądano 04-09-2014]}
}

@misc{json-rpc-extensions,
  author={{Jcubic, Roland Koebler}},
  title={{Krótkie wytłumaczenie rozszerzania JSON-RPC 2.0}},
  howpublished = {\url{http://grokbase.com/t/gg/json-rpc/138ce80p54/what-are-rpc-extensions}},
	year = {2013},
  note = {[Online; przeglądano 05-12-2014]}
}

@misc{json-rpc-lib,
  author={{Ritwik Saikia}},
  title={{JsonRpc README}},
  howpublished = {\url{https://github.com/RitwikSaikia/jsonrpc}},
	year = {2013},
	month = {Sierpień},
  note = {[Online; przeglądano 20-09-2014]}
}

@misc{json-rpc-net-client,
  author={{Austin Harris, ,,Latyyfa''}},
  title={{Dyskusja na temat klienta JSON-RPC pod ASP.NET.}},
  howpublished = {\url{http://jsonrpc2.codeplex.com/discussions/547022}},
	year = {2014},
	month = {Maj},
  note = {[Online; przeglądano 05-12-2014]}
}

@misc{json-rpc-specification,
  author={{JSON-RPC Working Group}},
  title={{Specyfikacja JSON-RPC 2.0}},
  howpublished = {\url{http://www.jsonrpc.org/specification}},
	year = {2013},
  note = {[Online; przeglądano 05-12-2014]}
}

@misc{json-tutorial,
  author={{w3shools}},
  title={{JSON Tutorial}},
  howpublished = {\url{http://www.w3schools.com/json/}},
  note = {[Online; przeglądano 05-12-2014]}
}

@misc{jsonrpc4j,
  author={{Brian Dilley}},
  title={{Strona jsonrpc4j na GitHub}},
  howpublished = {\url{https://github.com/briandilley/jsonrpc4j}},
	year = {2014},
	month = {Październik},
  note = {[Online; przeglądano 12-05-2014]}
}

@misc{kuchta,
  author={{Jarosław Kuchta}},
  title={{Inżynieria Wymagań -- prezentacja z~przedmiotu Dokumentacja i~Jakość Oprogramowania}},
  howpublished = {\url{http://galaxy.eti.pg.gda.pl/katedry/kask/pracownicy/Jaroslaw.Kuchta/DJO/04.InzynieriaWymagan.ppt}},
	year = {2011},
	month = {Październik},
  note = {[Online; przeglądano 10-04-2014]}
}

@book{learning-android,
  title = {{Learning Android}},
  author = {Marko Gargenta},
  publisher = {O'Reilly Media, Inc.},
  isbn = {978-1-449-39050-1},
  year = {2011},
  month = {Marzec},
}

@misc{mono-compatibility,
  author={{Mono Project}},
  title={{Compatibility with standard .NET}},
  howpublished = {\url{http://www.mono-project.com/docs/about-mono/compatibility/}},
  year = {2014},
  note = {[Online; przeglądano 14-09-2014]}
}

@misc{mono-supported-platforms,
  author={{Mono Project}},
  title={{Supported Platforms}},
  howpublished = {\url{http://www.mono-project.com/docs/about-mono/supported-platforms/}},
  year = {2014},
  note = {[Online; przeglądano 14-09-2014]}
}

@misc{oha,
  key={OHA},
	title={{Oficjalna strona Open Handset Alliance}},
  howpublished = {\url{http://www.openhandsetalliance.com/}},
  note = {[Online; przeglądano 31-08-2014]}
}

@article{polymorphism,
  title = {{On Understanding Types, Data Abstraction, and Polymorphism}},
  author = {Cardelli, Luca and Wegner, Peter},
  journal = {Computing Surveys},
  pages = {471--522},
  year = {1985},
	month = {Styczeń},
  volume = {17},
  number={4}
}

@misc{qpython,
  author={{QPython}},
  title={{Strona domowa programu QPython}},
  howpublished = {\url{http://qpython.com/}},
  year = {2014},
  note = {[Online; przeglądano 14-12-2014]}
}

@book{restful-web-services,
  title = {{RESTful Web Services}},
  author = {Leonard Richardson, Sam Ruby},
	publisher = {O'Reilly},
	isbn = {0-596-52926-0},
  year = {2007},
	month = {Maj},
}

@misc{serialization-basics,
  author={{Marshall Cline}},
  title={{Serialization and Unserialization, C++ FAQ}},
  howpublished = {\url{http://www.parashift.com/c++-faq-lite/serialization.html}},
  year = {2012},
	month = {Lipiec},
  note = {[Online; przeglądano 16-09-2014]}
}
  
@misc{spike,
  author={{Don Wells}},
  title={{Create a Spike Solution}},
  howpublished = {\url{http://www.extremeprogramming.org/rules/spike.html}},
  year = {1999},
  note = {[Online; przeglądano 05-10-2014]}
}

@misc{sping-ioc,
	author={{Pivotal Software}},
  title={{Dokumentacja kontenera Spring IoC}},
  howpublished = {\url{http://docs.spring.io/spring-framework/docs/current/spring-framework-reference/html/beans.html}},
  note = {[Online; przeglądano 14-12-2014]}
}

@misc{thrift-android,
  author={{Georg Jung}},
  title={{Stackoverflow -- Thrift client on Android}},
  howpublished = {\url{http://stackoverflow.com/questions/19141177/thrift-client-on-android}},
  year = {2013},
  note = {[Online; przeglądano 14-12-2014]}
}

@misc{thrift-features,
  author={{Will Pierce}},
  title={{Thrift Features}},
  howpublished = {\url{http://wiki.apache.org/thrift/ThriftFeatures}},
  year = {2012},
  note = {[Online; przeglądano 20-10-2014]}
}

@misc{thrift-general,
  author={{Mark Slee, Aditya Agarwal, Marc Kwiatkowski}},
  title={{Thrift: Scalable Cross-Language Services Implementation}},
  howpublished = {\url{http://thrift.apache.org/static/files/thrift-20070401.pdf}},
  year = {2007},
  note = {[Online; przeglądano 06-12-2014]}
}

@book{tls,
  title = {{High-Performance Browser Networking}},
  author = {Ilya Grigorik},
	publisher = {O’Reilly Media, Inc.},
	isbn = {978-1-449-34476-4},
  year = {2013},
	month = {Wrzesień},
}

@misc{travis-configuration,
  author={{Travis CI GmbH}},
  title={{Configuring your build}},
  howpublished = {\url{http://docs.travis-ci.com/user/build-configuration/}},
  year = {2014},
  note = {[Online; przeglądano 14-12-2014]}
}

@misc{wcf,
  author={{Microsoft}},
  title={{What Is Windows Communication Foundation}},
  howpublished = {\url{http://msdn.microsoft.com/en-us/library/ms731082(v=vs.110).aspx}},
  year = {2014},
  note = {[Online; przeglądano 06-12-2014]}
}

@misc{wcf-jaxws,
  author={{Oracle}},
  title={{(JAX-WS) Interoperability with Microsoft WCF/.NET}},
  howpublished = {\url{http://docs.oracle.com/cd/E21764_01/web.1111/e13759/interop.htm#WSOVR129}},
  year = {2014},
  note = {[Online; przeglądano 014-12-2014]}
}

@book{web-services,
  title = {{Web Services Essentials}},
  author = {Ethan Cerami},
	publisher = {O'Reilly},
	isbn = {0-596-00224-6},
  year = {2002},
	month = {Luty}
}

@misc{wsdl-example,
  author={{tutorialspoint}},
  title={{Przykład dokumentu WSDL}},
  howpublished = {\url{http://www.tutorialspoint.com/wsdl/wsdl_example.htm}},
	year = {2014},
  note = {[Online; przeglądano 14-12-2014]}
}

@misc{xamarin-android-arch,
  author={{Xamarin Inc.}},
  title={{Architektura połączenia z~Androidem}},
  howpublished = {\url{http://developer.xamarin.com/guides/android/under_the_hood/architecture/}},
  year = {2014},
  note = {[Online; przeglądano 23-09-2014]}
}

@misc{xamarin-binding,
  author={{Xamarin Inc.}},
  title={{Binding a Java Library}},
  howpublished = {\url{http://developer.xamarin.com/guides/android/advanced_topics/java_integration_overview/binding_a_java_library_(.jar)/}},
  year = {2014},
  note = {[Online; przeglądano 14-12-2014]}
}

@misc{xamarin-dot-net,
  author={{Xamarin Inc.}},
  title={{Wspierane biblioteki .NET}},
  howpublished = {\url{http://developer.xamarin.com/guides/android/under_the_hood/assemblies/}},
  year = {2014},
  note = {[Online; przeglądano 23-09-2014]}
}

@misc{xamarin-overview,
  author={{Xamarin Inc.}},
  title={{Opis środowiska Xamarin}},
  howpublished = {\url{http://xamarin.com/}},
  year = {2014},
  note = {[Online; przeglądano 23-09-2014]}
}

@misc{xml-rpc,
  author={{Dave Winer}},
  title={{XML-RPC Specification}},
  howpublished = {\url{http://xmlrpc.scripting.com/spec.html}},
	year = {2003},
  note = {[Online; przeglądano 05-12-2014]}
}

@misc{xml-schema-tutorial,
  author={{w3shools}},
  title={{XML Schema Tutorial}},
  howpublished = {\url{http://www.w3schools.com/schema/}},
  note = {[Online; przeglądano 05-12-2014]}
}

@misc{xml-tutorial,
  author={{w3shools}},
  title={{XML Tutorial}},
  howpublished = {\url{http://www.w3schools.com/xml/}},
  note = {[Online; przeglądano 05-12-2014]}
}

@misc{yaml-spec,
  author={{Oren Ben-Kiki, Clark Evans, Ingy döt Net}},
  title={{Specyfikacja YAML 1.2}},
  howpublished = {\url{http://www.yaml.org/spec/1.2/spec.html}},
	year = {2009},
  note = {[Online; przeglądano 14-12-2014]}
}